
  <record>
    <leader>01000aam  22002601a 4500</leader>
    <controlfield tag="001">YPZ87588</controlfield>
    <controlfield tag="003">YPZ</controlfield>
    <controlfield tag="005">200802270813440</controlfield>
    <controlfield tag="008">080227|###########||||||b||||||||||spa|d</controlfield>
    <datafield tag="040" ind1=" " ind2=" ">
      <subfield code="c">SIUNPA</subfield>
    </datafield>
    <datafield tag="041" ind1=" " ind2=" ">
      <subfield code="a">spa</subfield>
    </datafield>
    <datafield tag="044" ind1=" " ind2=" ">
      <subfield code="a">AR</subfield>
    </datafield>
    <datafield tag="080" ind1=" " ind2=" ">
      <subfield code="a">CD639.2 U588t</subfield>
    </datafield>
    <datafield tag="110" ind1=" " ind2=" ">
      <subfield code="a">Universidad Nacional de Cuyo. Proyecto de investigación 'El rol del Estado en un Territorio Marginal. El Caso de la Actividad Pesquera en Santa Cruz.</subfield>
    </datafield>
    <datafield tag="245" ind1=" " ind2=" ">
      <subfield code="a">Trabajos relacionados con el Proyecto de investigación 'El rol del estado en un territorio marginal. El caso de la actividad pesquera en Santa Cruz'</subfield>
      <subfield code="c"> / Cepparo, María Eugenia, dir.</subfield>
    </datafield>
    <datafield tag="260" ind1=" " ind2=" ">
      <subfield code="a">[Mendoza]</subfield>
      <subfield code="b"> : Universidad Nacional de Cuyo</subfield>
      <subfield code="c"> , 2006</subfield>
    </datafield>
    <datafield tag="505" ind1=" " ind2=" ">
      <subfield code="a">Contiene un trabajo, dos posters y una presentación en Power Point</subfield>
    </datafield>
    <datafield tag="650" ind1=" " ind2=" ">
      <subfield code="a"> PESCA</subfield>
    </datafield>
    <datafield tag="650" ind1=" " ind2=" ">
      <subfield code="a"> POLITICA DE ESTADO</subfield>
    </datafield>
    <datafield tag="650" ind1=" " ind2=" ">
      <subfield code="a"> SANTA CRUZ</subfield>
    </datafield>
    <datafield tag="942" ind1=" " ind2=" ">
      <subfield code="c">PI</subfield>
    </datafield>
    <datafield tag="952" ind1=" " ind2=" ">
      <subfield code="a">BIB_RECT</subfield>
      <subfield code="b">BIB_UACO</subfield>
      <subfield code="d">2008-02-27</subfield>
      <subfield code="y">PI</subfield>
      <subfield code="p">02-34347</subfield>
      <subfield code="i">02-34347</subfield>
      <subfield code="g">10</subfield>
      <subfield code="o">CD639.2 U588t</subfield>
      <subfield code="e">Donación SECyT UNPA</subfield>
      <subfield code="8">MM</subfield>
    </datafield>
    <datafield tag="952" ind1=" " ind2=" ">
      <subfield code="a">BIB_RECT</subfield>
      <subfield code="b">BIB_UART</subfield>
      <subfield code="d">2008-02-27</subfield>
      <subfield code="y">PI</subfield>
      <subfield code="p">03-34348</subfield>
      <subfield code="i">03-34348</subfield>
      <subfield code="g">10</subfield>
      <subfield code="o">CD639.2 U588t</subfield>
      <subfield code="e">Donación SECyT UNPA</subfield>
      <subfield code="8">MM</subfield>
    </datafield>
    <datafield tag="952" ind1=" " ind2=" ">
      <subfield code="a">BIB_RECT</subfield>
      <subfield code="b">BIB_UASJ</subfield>
      <subfield code="d">2008-02-27</subfield>
      <subfield code="y">PI</subfield>
      <subfield code="p">04-34345</subfield>
      <subfield code="i">04-34345</subfield>
      <subfield code="g">10</subfield>
      <subfield code="o">CD639.2 U588t</subfield>
      <subfield code="e">Donación SECyT UNPA</subfield>
      <subfield code="8">MM</subfield>
    </datafield>
    <datafield tag="952" ind1=" " ind2=" ">
      <subfield code="a">BIB_RECT</subfield>
      <subfield code="b">BIB_UARG</subfield>
      <subfield code="d">2008-02-27</subfield>
      <subfield code="y">PI</subfield>
      <subfield code="p">05-34346</subfield>
      <subfield code="i">05-34346</subfield>
      <subfield code="g">10</subfield>
      <subfield code="o">CD639.2 U588t</subfield>
      <subfield code="e">Donación SECyT UNPA</subfield>
      <subfield code="8">MM</subfield>
    </datafield>
  </record>