
  <record>
    <leader>01000aam  22002601a 4500</leader>
    <controlfield tag="001">YPZ93880</controlfield>
    <controlfield tag="003">YPZ</controlfield>
    <controlfield tag="005">201103301525040</controlfield>
    <controlfield tag="008">110330|###########||||||b||||||||||spa|d</controlfield>
    <datafield tag="040" ind1=" " ind2=" ">
      <subfield code="c">SIUNPA</subfield>
    </datafield>
    <datafield tag="041" ind1=" " ind2=" ">
      <subfield code="a">spa</subfield>
    </datafield>
    <datafield tag="044" ind1=" " ind2=" ">
      <subfield code="a">AR</subfield>
    </datafield>
    <datafield tag="080" ind1=" " ind2=" ">
      <subfield code="a">004.415.2 G993p</subfield>
    </datafield>
    <datafield tag="100" ind1=" " ind2=" ">
      <subfield code="a">Guzmán, Carlos Javier.</subfield>
    </datafield>
    <datafield tag="245" ind1=" " ind2=" ">
      <subfield code="a">Proyecto de control de tiempos</subfield>
      <subfield code="b"> : versión final</subfield>
    </datafield>
    <datafield tag="260" ind1=" " ind2=" ">
      <subfield code="a">[Caleta Olivia]</subfield>
      <subfield code="c"> , 2009</subfield>
    </datafield>
    <datafield tag="300" ind1=" " ind2=" ">
      <subfield code="a">[20] h. en varias paginaciones : </subfield>
      <subfield code="a">[5] h. : </subfield>
      <subfield code="a">17, [4] h. : </subfield>
      <subfield code="b">il. ; </subfield>
      <subfield code="a">23, [40] h. : </subfield>
      <subfield code="b">cuadros ; </subfield>
      <subfield code="a">[80] h. en varias foliaciones : </subfield>
      <subfield code="b">cuadros ; </subfield>
      <subfield code="a">55 h. : </subfield>
      <subfield code="b">il. ; </subfield>
      <subfield code="a">95 h. : </subfield>
      <subfield code="b">il. ; </subfield>
      <subfield code="a">[211] h. en varías paginaciones : </subfield>
      <subfield code="b">il. ; </subfield>
      <subfield code="a">1 CD ROM : </subfield>
      <subfield code="b">il. ; </subfield>
      <subfield code="a">83 h. : </subfield>
      <subfield code="b">il. ; </subfield>
      <subfield code="a">vi, 241 h. : </subfield>
      <subfield code="b">cuadros ; </subfield>
      <subfield code="a">1 v. (en varias paginaciones) : </subfield>
      <subfield code="b">il. ; </subfield>
      <subfield code="a">[ca. 200 h.] : </subfield>
      <subfield code="b">il. ; </subfield>
      <subfield code="a">18 h. : </subfield>
      <subfield code="b">il. ; </subfield>
      <subfield code="a">vii, 59 p. : </subfield>
      <subfield code="b">il. ; </subfield>
      <subfield code="a">[87] h. en varias foliaciones : </subfield>
      <subfield code="a">155 h. : </subfield>
      <subfield code="b">il. ; </subfield>
      <subfield code="a">[177] h. en varias foliaciones : </subfield>
      <subfield code="b">il. ; </subfield>
      <subfield code="a">[142] h. en varias foliaciones : </subfield>
      <subfield code="b">il. ; </subfield>
      <subfield code="a">[125] h. en varias foliaciones : </subfield>
      <subfield code="b">il. ; </subfield>
      <subfield code="a">[127] h. : </subfield>
      <subfield code="b">il. ; </subfield>
      <subfield code="a">[97] h. en varias foliaciones : </subfield>
      <subfield code="b">il. ; </subfield>
      <subfield code="e">2 CD-ROM en bolsillo</subfield>
    </datafield>
    <datafield tag="650" ind1=" " ind2=" ">
      <subfield code="a"> DESARROLLO DE SOFTWARE</subfield>
    </datafield>
    <datafield tag="650" ind1=" " ind2=" ">
      <subfield code="a"> DISEÑO DE SISTEMAS</subfield>
    </datafield>
    <datafield tag="942" ind1=" " ind2=" ">
      <subfield code="c">PI</subfield>
    </datafield>
    <datafield tag="952" ind1=" " ind2=" ">
      <subfield code="a">BIB_RECT</subfield>
      <subfield code="b">BIB_UACO</subfield>
      <subfield code="d">2011-03-29</subfield>
      <subfield code="y">PI</subfield>
      <subfield code="p">02-40640</subfield>
      <subfield code="i">02-40640</subfield>
      <subfield code="g">25</subfield>
      <subfield code="o">004.415.2 G993p</subfield>
      <subfield code="e">Desconocido</subfield>
      <subfield code="8">CG</subfield>
    </datafield>
  </record>