
  <record>
    <leader>01000aam  22002601a 4500</leader>
    <controlfield tag="001">YPZ97418</controlfield>
    <controlfield tag="003">YPZ</controlfield>
    <controlfield tag="005">201304170920500</controlfield>
    <controlfield tag="008">130417|###########||||||b||||||||||spa|d</controlfield>
    <datafield tag="040" ind1=" " ind2=" ">
      <subfield code="c">SIUNPA</subfield>
    </datafield>
    <datafield tag="041" ind1=" " ind2=" ">
      <subfield code="a">spa</subfield>
    </datafield>
    <datafield tag="044" ind1=" " ind2=" ">
      <subfield code="a">AR</subfield>
    </datafield>
    <datafield tag="080" ind1=" " ind2=" ">
      <subfield code="a">R657(038) B389c</subfield>
    </datafield>
    <datafield tag="100" ind1=" " ind2=" ">
      <subfield code="a">Beceria, Clotilde Julia.</subfield>
    </datafield>
    <datafield tag="700" ind1=" " ind2=" ">
      <subfield code="a">Boiero, María Elvira.</subfield>
    </datafield>
    <datafield tag="700" ind1=" " ind2=" ">
      <subfield code="a">Rizzo, Marta María.</subfield>
    </datafield>
    <datafield tag="245" ind1=" " ind2=" ">
      <subfield code="a">La cuestión terminológica en la contabilidad</subfield>
      <subfield code="b"> : el espacio económico del Mercosur</subfield>
      <subfield code="c"> / Lopes de Sa, Antonio, dir. ; Gil, Jorge Manuel, dir.</subfield>
    </datafield>
    <datafield tag="260" ind1=" " ind2=" ">
      <subfield code="a">Caleta Olivia</subfield>
      <subfield code="c"> , 1998</subfield>
    </datafield>
    <datafield tag="500" ind1=" " ind2=" ">
      <subfield code="a">Información extraída de la página de la SECYT, UNPA</subfield>
    </datafield>
    <datafield tag="505" ind1=" " ind2=" ">
      <subfield code="a">Informe final del proyecto de investigación 29/B007</subfield>
    </datafield>
    <datafield tag="505" ind1=" " ind2=" ">
      <subfield code="a">Contenido: Sector 1.  Informe sobre términos seleccionados y definidos - Sector 2. Material de elaboración propia utilizado en la investigación - Sector 3. Informe sobre producción complementaria</subfield>
    </datafield>
    <datafield tag="650" ind1=" " ind2=" ">
      <subfield code="a"> CONTABILIDAD</subfield>
    </datafield>
    <datafield tag="650" ind1=" " ind2=" ">
      <subfield code="a"> MERCOSUR </subfield>
    </datafield>
    <datafield tag="650" ind1=" " ind2=" ">
      <subfield code="a"> VOCABULARIO</subfield>
    </datafield>
    <datafield tag="942" ind1=" " ind2=" ">
      <subfield code="c">PI</subfield>
    </datafield>
    <datafield tag="952" ind1=" " ind2=" ">
      <subfield code="a">BIB_RECT</subfield>
      <subfield code="b">BIB_UACO</subfield>
      <subfield code="d">2013-04-17</subfield>
      <subfield code="y">PI</subfield>
      <subfield code="p">02-44514</subfield>
      <subfield code="i">02-44514</subfield>
      <subfield code="g">45</subfield>
      <subfield code="o">R657(038) B389c</subfield>
      <subfield code="e">SECYT</subfield>
      <subfield code="8">CR</subfield>
      <subfield code="7">4</subfield>
    </datafield>
    <datafield tag="952" ind1=" " ind2=" ">
      <subfield code="a">BIB_RECT</subfield>
      <subfield code="b">BIB_UACO</subfield>
      <subfield code="d">2013-04-17</subfield>
      <subfield code="y">PI</subfield>
      <subfield code="p">02-44515</subfield>
      <subfield code="i">02-44515</subfield>
      <subfield code="g">45</subfield>
      <subfield code="o">R657(038) B389c</subfield>
      <subfield code="e">SECYT</subfield>
      <subfield code="8">CR</subfield>
      <subfield code="7">4</subfield>
    </datafield>
    <datafield tag="952" ind1=" " ind2=" ">
      <subfield code="a">BIB_RECT</subfield>
      <subfield code="b">BIB_UACO</subfield>
      <subfield code="d">2013-04-17</subfield>
      <subfield code="y">PI</subfield>
      <subfield code="p">02-44516</subfield>
      <subfield code="i">02-44516</subfield>
      <subfield code="g">45</subfield>
      <subfield code="o">R657(038) B389c</subfield>
      <subfield code="e">SECYT</subfield>
      <subfield code="8">CR</subfield>
      <subfield code="7">4</subfield>
    </datafield>
  </record>