
  <record>
    <leader>01000aam  22002601a 4500</leader>
    <controlfield tag="001">YPZ100639</controlfield>
    <controlfield tag="003">YPZ</controlfield>
    <controlfield tag="005">201709080934350</controlfield>
    <controlfield tag="008">170908|###########||||||b||||||||||spa|d</controlfield>
    <datafield tag="040" ind1=" " ind2=" ">
      <subfield code="c">SIUNPA</subfield>
    </datafield>
    <datafield tag="041" ind1=" " ind2=" ">
      <subfield code="a">spa</subfield>
    </datafield>
    <datafield tag="044" ind1=" " ind2=" ">
      <subfield code="a">AR</subfield>
    </datafield>
    <datafield tag="080" ind1=" " ind2=" ">
      <subfield code="a">634.73 J371b</subfield>
    </datafield>
    <datafield tag="100" ind1=" " ind2=" ">
      <subfield code="a">Jara, Isabel.</subfield>
    </datafield>
    <datafield tag="245" ind1=" " ind2=" ">
      <subfield code="a">Berries del sur</subfield>
      <subfield code="b"> : frutas finas - producción de arándanos</subfield>
    </datafield>
    <datafield tag="260" ind1=" " ind2=" ">
      <subfield code="a">[Río Gallegos]</subfield>
      <subfield code="b"> : [Unidad Académica Río Gallegos, UNPA]</subfield>
      <subfield code="c"> , 2014</subfield>
    </datafield>
    <datafield tag="500" ind1=" " ind2=" ">
      <subfield code="a">Formulación de proyectos</subfield>
    </datafield>
    <datafield tag="500" ind1=" " ind2=" ">
      <subfield code="a">En cub. y portada: Donde encuentren una flecha, donde miren el cielo y vean la cruz del sur, allí seguro habrá un Tehuelche...</subfield>
    </datafield>
    <datafield tag="650" ind1=" " ind2=" ">
      <subfield code="a"> ARANDANO</subfield>
    </datafield>
    <datafield tag="650" ind1=" " ind2=" ">
      <subfield code="a"> VACCINIUM CORYMBOSUM</subfield>
    </datafield>
    <datafield tag="942" ind1=" " ind2=" ">
      <subfield code="c">PI</subfield>
    </datafield>
    <datafield tag="952" ind1=" " ind2=" ">
      <subfield code="a">BIB_RECT</subfield>
      <subfield code="b">BIB_UARG</subfield>
      <subfield code="d">2017-09-08</subfield>
      <subfield code="y">PI</subfield>
      <subfield code="p">05-48860</subfield>
      <subfield code="i">05-48860</subfield>
      <subfield code="g">350</subfield>
      <subfield code="o">634.73 J371b</subfield>
      <subfield code="e">Sec. Académica</subfield>
      <subfield code="8">CG</subfield>
    </datafield>
  </record>